@book{csapp-mem,
    author = "Randal E. Bryant, David R. O'Hallaron",
    title = "Computer Systems - A Programmer's Perspective",
    publisher = "Pearson",
    year = 2016,
    isbn = "978-0-13-409266-9"
}